<?xml version="1.0" encoding="UTF-8"?>

        <record xmlns="http://www.loc.gov/MARC21/slim">
            <leader>00000nas a2200000 c 4500</leader>
            <controlfield tag="001">990066391650203331</controlfield>
            <controlfield tag="003">AT-OBV</controlfield>
            <controlfield tag="005">20171114182000.0</controlfield>
            <controlfield tag="007">tu</controlfield>
            <controlfield tag="008">080423|19291935fr##|#m#######|####|####u</controlfield>
            <controlfield tag="009">AC06711755</controlfield>
            <datafield tag="016" ind1="7" ind2=" ">
                <subfield code="a">ZDB-neu</subfield>
                <subfield code="2">DE-600</subfield>
            </datafield>
            <datafield tag="035" ind1=" " ind2=" ">
                <subfield code="a">AC06711755</subfield>
            </datafield>
            <datafield tag="035" ind1=" " ind2=" ">
                <subfield code="a">(AT-OBV)AC06711755</subfield>
            </datafield>
            <datafield tag="035" ind1=" " ind2=" ">
                <subfield code="a">(Aleph)006639165ACC01</subfield>
            </datafield>
            <datafield tag="035" ind1=" " ind2=" ">
                <subfield code="a">(DE-600)ZDB-neu</subfield>
            </datafield>
            <datafield tag="035" ind1=" " ind2=" ">
                <subfield code="a">(DE-599)OBVAC06711755</subfield>
            </datafield>
            <datafield tag="040" ind1=" " ind2=" ">
                <subfield code="a">UBW</subfield>
                <subfield code="b">ger</subfield>
                <subfield code="d">UBW</subfield>
                <subfield code="e">rakwb</subfield>
            </datafield>
            <datafield tag="044" ind1=" " ind2=" ">
                <subfield code="c">XA-FR</subfield>
            </datafield>
            <datafield tag="245" ind1="0" ind2="0">
                <subfield code="a">Maîtres des littératures</subfield>
            </datafield>
            <datafield tag="264" ind1="3" ind2="1">
                <subfield code="a">Paris</subfield>
                <subfield code="b">Rieder</subfield>
                <subfield code="c">1929-1935</subfield>
            </datafield>
            <datafield tag="362" ind1="0" ind2=" ">
                <subfield code="a">1.1929 - 20.1935 nachgewiesen</subfield>
            </datafield>
            <datafield tag="970" ind1="1" ind2=" ">
                <subfield code="c">18</subfield>
            </datafield>
            <datafield tag="974" ind1="0" ind2="s">
                <subfield code="F">030</subfield>
                <subfield code="A">a|1ucr|||||37</subfield>
            </datafield>
            <datafield tag="974" ind1="0" ind2="s">
                <subfield code="F">050</subfield>
                <subfield code="A">a|a|||||||||||</subfield>
            </datafield>
            <datafield tag="974" ind1="0" ind2="s">
                <subfield code="F">052</subfield>
                <subfield code="A">r||||||a|||||||</subfield>
            </datafield>
        </record>
    
